@inproceedings{pauls2011faster,
  title={Faster and smaller n-gram language models},
  author={Pauls, Adam and Klein, Dan},
  booktitle={Proceedings of the 49th annual meeting of the Association for Computational Linguistics: Human Language Technologies},
  pages={258--267},
  year={2011}
}
@article{manber1993suffix,
  title={Suffix arrays: a new method for on-line string searches},
  author={Manber, Udi and Myers, Gene},
  journal={siam Journal on Computing},
  volume={22},
  number={5},
  pages={935--948},
  year={1993},
  publisher={SIAM}
}
@article{liu2024infini,
  title={Infini-gram: Scaling unbounded n-gram language models to a trillion tokens},
  author={Liu, Jiacheng and Min, Sewon and Zettlemoyer, Luke and Choi, Yejin and Hajishirzi, Hannaneh},
  journal={arXiv preprint arXiv:2401.17377},
  year={2024}
}
@article{chelba2013one,
  title={One billion word benchmark for measuring progress in statistical language modeling},
  author={Chelba, Ciprian and Mikolov, Tomas and Schuster, Mike and Ge, Qi and Brants, Thorsten and Koehn, Phillipp and Robinson, Tony},
  journal={arXiv preprint arXiv:1312.3005},
  year={2013}
}

@article{katz1987estimation,
  title={Estimation of probabilities from sparse data for the language model component of a speech recognizer},
  author={Katz, Slava},
  journal={IEEE transactions on acoustics, speech, and signal processing},
  volume={35},
  number={3},
  pages={400--401},
  year={1987},
  publisher={IEEE}
}

@inproceedings{kneser1995improved,
  title={Improved backing-off for m-gram language modeling},
  author={Kneser, Reinhard and Ney, Hermann},
  booktitle={1995 international conference on acoustics, speech, and signal processing},
  volume={1},
  pages={181--184},
  year={1995},
  organization={IEEE}
}

@article{brin1998anatomy,
  title={The anatomy of a large-scale hypertextual web search engine},
  author={Brin, Sergey and Page, Lawrence},
  journal={Computer networks and ISDN systems},
  volume={30},
  number={1-7},
  pages={107--117},
  year={1998},
  publisher={Elsevier}
}

@inproceedings{stehouwer2010using,
  title={Using suffix arrays as language models: Scaling the n-gram},
  author={Stehouwer, Herman and van Zaanen, Menno},
  booktitle={The 22nd Benelux Conference on Artificial Intelligence (BNAIC 2010)},
  year={2010}
}

@inproceedings{kennington2012suffix,
  title={Suffix Trees as Language Models.},
  author={Kennington, Casey Redd and Kay, Martin and Friedrich, Annemarie},
  booktitle={LREC},
  pages={446--453},
  year={2012}
}


